@misc{example_ref,
  author       = {},
  title        = {{example}},
  howpublished = {\url{www.google.pl}},
  year         = {}
}

@online{OPEN_STREET_MAPS_SITE,
	title = {OpenStreetMaps Offical Site},
	url = {https://www.openstreetmap.org/},
}

@online{OVERPASS_TURBO_SITE,
	title = {overpass turbo Site},
	url = {https://overpass-turbo.eu/},
}

@online{POSTGIS_SITE,
	title = {PostGIS Site},
	url = {https://postgis.net/},
}

@online{POSTGRESQL_SITE,
	title = {PostgreSQL Site},
	url = {https://www.postgresql.org.pl/},
}

@online{PGROUTING_SITE,
	title = {pgRouting Site},
	url = {https://pgrouting.org/},
}

@online{WIKIPEDIA_METODA_MONTE_CARLO,
	title = {Metoda Monte Carlo â€“ Wikipedia, wolna encyklopedia --- pl.wikipedia.org},
	url = {https://pl.wikipedia.org/wiki/Metoda_Monte_Carlo},
	note = {[Accessed 08-11-2023]},
}